<?xml version="1.0" encoding="utf-8"?>
<AuditFile><Header><AuditFileVersion>2.01B</AuditFileVersion><AuditFileCountry>LU</AuditFileCountry><AuditFileDateCreated>2015-06-13</AuditFileDateCreated><SoftwareCompanyName>ACSONE SA/NV</SoftwareCompanyName><SoftwareID>Odoo</SoftwareID><SoftwareVersion>8.0</SoftwareVersion><Company><RegistrationNumber>False</RegistrationNumber><Name>YourCompany</Name><Address><City>Scranton</City><PostalCode>18540</PostalCode></Address><Contact><ContactPerson><FirstName>False</FirstName><LastName>YourCompany</LastName></ContactPerson><Telephone>+1 555 123 8069</Telephone><Email>info@yourcompany.example.com</Email><Website>http://www.example.com</Website></Contact></Company><DefaultCurrencyCode>EUR</DefaultCurrencyCode><TaxAccountingBasis>TODO</TaxAccountingBasis></Header><MasterFiles><GeneralLedgerAccounts><Account><AccountID>X0</AccountID><AccountDescription>Chart For Automated Tests</AccountDescription><AccountType>Root/View</AccountType><OpeningDebitBalance>0.0</OpeningDebitBalance><ClosingDebitBalance>0.0</ClosingDebitBalance></Account><Account><AccountID>X1</AccountID><AccountDescription>Balance Sheet - (test)</AccountDescription><AccountType>Root/View</AccountType><OpeningDebitBalance>0.0</OpeningDebitBalance><ClosingDebitBalance>0.0</ClosingDebitBalance></Account><Account><AccountID>X10</AccountID><AccountDescription>Assets - (test)</AccountDescription><AccountType>Asset</AccountType><OpeningDebitBalance>0.0</OpeningDebitBalance><ClosingDebitBalance>0.0</ClosingDebitBalance></Account><Account><AccountID>X100</AccountID><AccountDescription>Fixed Assets - (test)</AccountDescription><AccountType>Asset</AccountType><OpeningDebitBalance>0.0</OpeningDebitBalance><ClosingDebitBalance>0.0</ClosingDebitBalance></Account><Account><AccountID>X1000</AccountID><AccountDescription>Fixed Asset Account - (test)</AccountDescription><AccountType>Asset</AccountType><OpeningDebitBalance>0.0</OpeningDebitBalance><ClosingDebitBalance>0.0</ClosingDebitBalance></Account><Account><AccountID>X101</AccountID><AccountDescription>Net Current Assets - (test)</AccountDescription><AccountType>Asset</AccountType><OpeningDebitBalance>0.0</OpeningDebitBalance><ClosingDebitBalance>0.0</ClosingDebitBalance></Account><Account><AccountID>X1100</AccountID><AccountDescription>Current Assets - (test)</AccountDescription><AccountType>Asset</AccountType><OpeningDebitBalance>0.0</OpeningDebitBalance><ClosingDebitBalance>0.0</ClosingDebitBalance></Account><Account><AccountID>X11001</AccountID><AccountDescription>Purchased Stocks - (test)</AccountDescription><AccountType>Asset</AccountType><OpeningDebitBalance>0.0</OpeningDebitBalance><ClosingDebitBalance>0.0</ClosingDebitBalance></Account><Account><AccountID>X11002</AccountID><AccountDescription>Debtors - (test)</AccountDescription><AccountType>Receivable</AccountType><OpeningDebitBalance>0.0</OpeningDebitBalance><ClosingDebitBalance>0.0</ClosingDebitBalance></Account><Account><AccountID>X11003</AccountID><AccountDescription>Output VAT - (test)</AccountDescription><AccountType>Asset</AccountType><OpeningDebitBalance>0.0</OpeningDebitBalance><ClosingDebitBalance>0.0</ClosingDebitBalance></Account><Account><AccountID>X11004</AccountID><AccountDescription>Bank Current Account - (test)</AccountDescription><AccountType>Asset</AccountType><OpeningDebitBalance>0.0</OpeningDebitBalance><ClosingDebitBalance>0.0</ClosingDebitBalance></Account><Account><AccountID>X11005</AccountID><AccountDescription>Cash - (test)</AccountDescription><AccountType>Asset</AccountType><OpeningDebitBalance>0.0</OpeningDebitBalance><ClosingDebitBalance>0.0</ClosingDebitBalance></Account><Account><AccountID>X11006</AccountID><AccountDescription>Opening Income - (test)</AccountDescription><AccountType>Income</AccountType><OpeningDebitBalance>0.0</OpeningDebitBalance><ClosingDebitBalance>0.0</ClosingDebitBalance></Account><Account><AccountID>X11007</AccountID><AccountDescription>USD Bank Account - (test)</AccountDescription><AccountType>Asset</AccountType><OpeningDebitBalance>0.0</OpeningDebitBalance><ClosingDebitBalance>0.0</ClosingDebitBalance></Account><Account><AccountID>X11</AccountID><AccountDescription>Liabilities - (test)</AccountDescription><AccountType>Liability</AccountType><OpeningDebitBalance>0.0</OpeningDebitBalance><ClosingDebitBalance>0.0</ClosingDebitBalance></Account><Account><AccountID>X110</AccountID><AccountDescription>Current Liabilities - (test)</AccountDescription><AccountType>Liability</AccountType><OpeningDebitBalance>0.0</OpeningDebitBalance><ClosingDebitBalance>0.0</ClosingDebitBalance></Account><Account><AccountID>X1111</AccountID><AccountDescription>Creditors - (test)</AccountDescription><AccountType>Payable</AccountType><OpeningDebitBalance>0.0</OpeningDebitBalance><ClosingDebitBalance>0.0</ClosingDebitBalance></Account><Account><AccountID>X1112</AccountID><AccountDescription>Input VAT - (test)</AccountDescription><AccountType>Liability</AccountType><OpeningDebitBalance>0.0</OpeningDebitBalance><ClosingDebitBalance>0.0</ClosingDebitBalance></Account><Account><AccountID>X1113</AccountID><AccountDescription>Reserve and Profit/Loss - (test)</AccountDescription><AccountType>Liability</AccountType><OpeningDebitBalance>0.0</OpeningDebitBalance><ClosingDebitBalance>0.0</ClosingDebitBalance></Account><Account><AccountID>X1114</AccountID><AccountDescription>Opening Expense - (test)</AccountDescription><AccountType>Expense</AccountType><OpeningDebitBalance>0.0</OpeningDebitBalance><ClosingDebitBalance>0.0</ClosingDebitBalance></Account><Account><AccountID>X2</AccountID><AccountDescription>Profit and Loss - (test)</AccountDescription><AccountType>Root/View</AccountType><OpeningDebitBalance>0.0</OpeningDebitBalance><ClosingDebitBalance>0.0</ClosingDebitBalance></Account><Account><AccountID>X20</AccountID><AccountDescription>Income - (test)</AccountDescription><AccountType>Income</AccountType><OpeningDebitBalance>0.0</OpeningDebitBalance><ClosingDebitBalance>0.0</ClosingDebitBalance></Account><Account><AccountID>X200</AccountID><AccountDescription>Revenue - (test)</AccountDescription><AccountType>Income</AccountType><OpeningDebitBalance>0.0</OpeningDebitBalance><ClosingDebitBalance>0.0</ClosingDebitBalance></Account><Account><AccountID>X2001</AccountID><AccountDescription>Product Sales - (test)</AccountDescription><AccountType>Income</AccountType><OpeningDebitBalance>0.0</OpeningDebitBalance><ClosingDebitBalance>0.0</ClosingDebitBalance></Account><Account><AccountID>X201</AccountID><AccountDescription>Foreign Exchange Gain - (test)</AccountDescription><AccountType>Income</AccountType><OpeningDebitBalance>0.0</OpeningDebitBalance><ClosingDebitBalance>0.0</ClosingDebitBalance></Account><Account><AccountID>X21</AccountID><AccountDescription>Expense - (test)</AccountDescription><AccountType>Expense</AccountType><OpeningDebitBalance>0.0</OpeningDebitBalance><ClosingDebitBalance>0.0</ClosingDebitBalance></Account><Account><AccountID>X210</AccountID><AccountDescription>Cost of Sales - (test)</AccountDescription><AccountType>Expense</AccountType><OpeningDebitBalance>0.0</OpeningDebitBalance><ClosingDebitBalance>0.0</ClosingDebitBalance></Account><Account><AccountID>X2100</AccountID><AccountDescription>Cost of Goods Sold - (test)</AccountDescription><AccountType>Expense</AccountType><OpeningDebitBalance>0.0</OpeningDebitBalance><ClosingDebitBalance>0.0</ClosingDebitBalance></Account><Account><AccountID>X211</AccountID><AccountDescription>Overheads - (test)</AccountDescription><AccountType>Expense</AccountType><OpeningDebitBalance>0.0</OpeningDebitBalance><ClosingDebitBalance>0.0</ClosingDebitBalance></Account><Account><AccountID>X2110</AccountID><AccountDescription>Expenses - (test)</AccountDescription><AccountType>Expense</AccountType><OpeningDebitBalance>0.0</OpeningDebitBalance><ClosingDebitBalance>0.0</ClosingDebitBalance></Account><Account><AccountID>X2111</AccountID><AccountDescription>Foreign Exchange Loss - (test)</AccountDescription><AccountType>Expense</AccountType><OpeningDebitBalance>0.0</OpeningDebitBalance><ClosingDebitBalance>0.0</ClosingDebitBalance></Account><Account><AccountID>X2112</AccountID><AccountDescription>Salary Expenses - (test)</AccountDescription><AccountType>Expense</AccountType><OpeningDebitBalance>0.0</OpeningDebitBalance><ClosingDebitBalance>0.0</ClosingDebitBalance></Account></GeneralLedgerAccounts></MasterFiles><GeneralLedgerEntries><NumberOfEntries>8</NumberOfEntries><TotalDebit>10710.0</TotalDebit><TotalCredit>10710.0</TotalCredit><Journal><JournalID>TBNK</JournalID><Description>Bank Journal - (test)</Description><Type>bank</Type><Transaction><TransactionID>8</TransactionID><Period>6</Period><PeriodYear>2015</PeriodYear><TransactionDate>2015-06-13</TransactionDate><Description>/</Description><SystemEntryDate>2015-06-13</SystemEntryDate><GLPostingDate>2015-06-13</GLPostingDate><Line><RecordID>23</RecordID><AccountID>X11005</AccountID><Description>Write-Off</Description><CreditAmount><Amount>100.0</Amount></CreditAmount></Line><Line><RecordID>22</RecordID><AccountID>X1111</AccountID><Description>Write-Off</Description><DebitAmount><Amount>100.0</Amount></DebitAmount></Line></Transaction><Transaction><TransactionID>7</TransactionID><Period>6</Period><PeriodYear>2015</PeriodYear><TransactionDate>2015-06-13</TransactionDate><Description>/</Description><SystemEntryDate>2015-06-13</SystemEntryDate><GLPostingDate>2015-06-13</GLPostingDate><Line><RecordID>21</RecordID><AccountID>X11005</AccountID><Description>Payment from ASUStek</Description><CreditAmount><Amount>1850.0</Amount></CreditAmount></Line><Line><RecordID>20</RecordID><AccountID>X1111</AccountID><Description>Payment from ASUStek</Description><DebitAmount><Amount>1850.0</Amount></DebitAmount></Line></Transaction></Journal><Journal><JournalID>TCHK</JournalID><Description>Checks Journal - (test)</Description><Type>bank</Type></Journal><Journal><JournalID>TCSH</JournalID><Description>Cash Journal - (test)</Description><Type>cash</Type></Journal><Journal><JournalID>TECNJ</JournalID><Description>Expenses Credit Notes Journal - (test)</Description><Type>purchase_</Type></Journal><Journal><JournalID>TEXJ</JournalID><Description>Expenses Journal - (test)</Description><Type>purchase</Type><Transaction><TransactionID>6</TransactionID><Period>6</Period><PeriodYear>2015</PeriodYear><TransactionDate>2015-06-13</TransactionDate><Description>EXJ/2015/001</Description><SystemEntryDate>2015-06-13</SystemEntryDate><GLPostingDate>2015-06-13</GLPostingDate><Line><RecordID>19</RecordID><AccountID>X1111</AccountID><Description>Test invoice 1</Description><CreditAmount><Amount>1950.0</Amount></CreditAmount></Line><Line><RecordID>18</RecordID><AccountID>X11003</AccountID><Description>Test Tax</Description><DebitAmount><Amount>100.0</Amount></DebitAmount></Line><Line><RecordID>17</RecordID><AccountID>X2001</AccountID><Description>Little server with raid 1 and 512ECC ram</Description><DebitAmount><Amount>1600.0</Amount></DebitAmount></Line><Line><RecordID>16</RecordID><AccountID>X2001</AccountID><Description>Basic computer with Dvorak keyboard and left-handed mouse</Description><DebitAmount><Amount>250.0</Amount></DebitAmount></Line></Transaction></Journal><Journal><JournalID>TMIS</JournalID><Description>Miscellaneous Journal - (test)</Description><Type>general</Type></Journal><Journal><JournalID>TOEJ</JournalID><Description>Opening Entries Journal - (test)</Description><Type>situation</Type></Journal><Journal><JournalID>TSAJ</JournalID><Description>Sales Journal - (test)</Description><Type>sale</Type><Transaction><TransactionID>5</TransactionID><Period>6</Period><PeriodYear>2015</PeriodYear><TransactionDate>2015-06-13</TransactionDate><Description>SAJ/2015/005</Description><SystemEntryDate>2015-06-13</SystemEntryDate><GLPostingDate>2015-06-13</GLPostingDate><Line><RecordID>15</RecordID><AccountID>X11002</AccountID><Description>/</Description><DebitAmount><Amount>525.0</Amount></DebitAmount></Line><Line><RecordID>14</RecordID><AccountID>X2001</AccountID><Description>Ergonomic Mouse</Description><CreditAmount><Amount>75.0</Amount></CreditAmount></Line><Line><RecordID>13</RecordID><AccountID>X2001</AccountID><Description>TypeMatrix Dvorak Keyboard</Description><CreditAmount><Amount>450.0</Amount></CreditAmount></Line></Transaction><Transaction><TransactionID>4</TransactionID><Period>6</Period><PeriodYear>2015</PeriodYear><TransactionDate>2015-06-13</TransactionDate><Description>SAJ/2015/004</Description><SystemEntryDate>2015-06-13</SystemEntryDate><GLPostingDate>2015-06-13</GLPostingDate><Line><RecordID>12</RecordID><AccountID>X11002</AccountID><Description>/</Description><DebitAmount><Amount>500.0</Amount></DebitAmount></Line><Line><RecordID>11</RecordID><AccountID>X2001</AccountID><Description>Desktop Lamp</Description><CreditAmount><Amount>100.0</Amount></CreditAmount></Line><Line><RecordID>10</RecordID><AccountID>X2001</AccountID><Description>Desktop Computer Table</Description><CreditAmount><Amount>400.0</Amount></CreditAmount></Line></Transaction><Transaction><TransactionID>3</TransactionID><Period>6</Period><PeriodYear>2015</PeriodYear><TransactionDate>2015-06-13</TransactionDate><Description>SAJ/2015/003</Description><SystemEntryDate>2015-06-13</SystemEntryDate><GLPostingDate>2015-06-13</GLPostingDate><Line><RecordID>9</RecordID><AccountID>X11002</AccountID><Description>/</Description><DebitAmount><Amount>525.0</Amount></DebitAmount></Line><Line><RecordID>8</RecordID><AccountID>X2001</AccountID><Description>Ergonomic Mouse</Description><CreditAmount><Amount>75.0</Amount></CreditAmount></Line><Line><RecordID>7</RecordID><AccountID>X2001</AccountID><Description>TypeMatrix Dvorak Keyboard</Description><CreditAmount><Amount>450.0</Amount></CreditAmount></Line></Transaction><Transaction><TransactionID>2</TransactionID><Period>6</Period><PeriodYear>2015</PeriodYear><TransactionDate>2015-06-13</TransactionDate><Description>SAJ/2015/002</Description><SystemEntryDate>2015-06-13</SystemEntryDate><GLPostingDate>2015-06-13</GLPostingDate><Line><RecordID>6</RecordID><AccountID>X11002</AccountID><Description>/</Description><DebitAmount><Amount>650.0</Amount></DebitAmount></Line><Line><RecordID>5</RecordID><AccountID>X2001</AccountID><Description>30m RJ45 wire</Description><CreditAmount><Amount>500.0</Amount></CreditAmount></Line><Line><RecordID>4</RecordID><AccountID>X2001</AccountID><Description>8-port Switch</Description><CreditAmount><Amount>150.0</Amount></CreditAmount></Line></Transaction><Transaction><TransactionID>1</TransactionID><Period>6</Period><PeriodYear>2015</PeriodYear><TransactionDate>2015-06-13</TransactionDate><Description>SAJ/2015/001</Description><SystemEntryDate>2015-06-13</SystemEntryDate><GLPostingDate>2015-06-13</GLPostingDate><Line><RecordID>3</RecordID><AccountID>X11002</AccountID><Description>/</Description><DebitAmount><Amount>4610.0</Amount></DebitAmount></Line><Line><RecordID>2</RecordID><AccountID>X2001</AccountID><Description>Linutop</Description><CreditAmount><Amount>1400.0</Amount></CreditAmount></Line><Line><RecordID>1</RecordID><AccountID>X2001</AccountID><Description>Otpez Laptop without OS</Description><CreditAmount><Amount>3210.0</Amount></CreditAmount></Line></Transaction></Journal><Journal><JournalID>TSCNJ</JournalID><Description>Sales Credit Note Journal - (test)</Description><Type>sale_refu</Type></Journal><Journal><JournalID>TUBK</JournalID><Description>USD Bank Journal - (test)</Description><Type>bank</Type></Journal></GeneralLedgerEntries></AuditFile>